% This file was created with JabRef 2.10.
% Encoding: UTF8

@Misc{LegoNXT,
  Title                    = {NXT Intelligent Brick},
  Author                   = {LEGO},
  HowPublished             = {website},
  year                     = {2006},
  note                     = {last seen: 2016.09.18},
  Url                      = {https://shop.lego.com/en-US/NXT-Intelligent-Brick-9841}
}

@Manual{RPi,
  Title                    = {BCM2835},
  Organization             = {Raspberry Pi},
  HowPublished             = {website},
  year                     = {2016},
  Url                      = {https://www.raspberrypi.org/documentation/hardware/raspberrypi/bcm2835/README.md},
  note                     = {last seen: 2016.09.18}
}

@Manual{ARM1176,
  Title                    = {ARM1176 Processor},
  Organization             = {ARM},
  year                     = {2016},
  note                     = {last seen: 2016.09.18},
  Url                      = {http://www.arm.com/products/processors/classic/arm11/arm1176.php}
}

@Manual{ATMega328/p,
  Title                    = {ATMega328/p Datasheet},
  Organization             = {Atmel},
  year                     = {2016},
  note                     = {last seen: 2016.09.18},
  Url                      = {http://www.atmel.com/Images/Atmel-42735-8-bit-AVR-Microcontroller-ATmega328-328P_datasheet.pdf}
}

@Manual{ATMega32u4,
  Title                    = {ATMega32u4 Datasheet},
  Organization             = {Atmel},
  year                     = {2016},
  note                     = {last seen: 2016.09.18},
  Url                      = {http://www.atmel.com/devices/atmega32u4.aspx}
}

@Manual{DistanceFinder,
  Title                    = {GP2Y0A21YK Datasheet},
  Organization             = {Sharp},
  year                     = {2016},
  note                     = {last seen: 2016.09.20},
  Url                      = {https://www.sparkfun.com/datasheets/Components/GP2Y0A21YK.pdf}
}

@Manual{PhotoInterruptor,
  Title                    = {LTE-302 + LTR-301 Datasheet},
  Organization             = {LiteOn},
  year                     = {2016},
  note                     = {last seen: 2016.09.20},
  Url                      = {https://www.sparkfun.com/datasheets/Components/LTE-302.pdf, https://www.sparkfun.com/datasheets/Components/LTR-301.pdf}
}

@Proceedings{applePlucker,
  title                    = {Study on Color Image Processing Based Intelligent Fruit Sorting System},
  year                     = {2004},
  editor                   = {Guo Feng and Cao Qixin},
  publisher                = {Research Institute of Robotics Shanghai Jiao Tong Universify},
  month                    = {June},
  note                     = {last seen: 2016-09-20},
  url                      = {http://ieeexplore.ieee.org/stamp/stamp.jsp?arnumber=1343622},
}

@Misc{ColourSensor,
  title                     = {Color Sensor},
  note                      = {last seen: 2016.10.07},
  year                      = {2012},
  Url                       = {https://shop.lego.com/en-US/Color-Sensor-9694},
}

@Misc{Arduino,
  title                     = {Official Arduino Homepage},
  note                      = {last seen: 2016.10.07},
  year                      = {2016},
  Url                       = {https://www.arduino.cc},
}

@Misc{Atmel,
  title                     = {AT91SAM7S256},
  note                      = {last seen: 2016.10.12},
  year                      = {2012},
  Url                       = {http://www.atmel.com/devices/AT91sam7s256.aspx},
}

@Misc{XP,
  title                     = {Never Add Functionality Early.},
  note                      = {last seen: 2016.10.26},
  year                      = {1999},
  Url                       = {http://www.extremeprogramming.org/rules/early.html},
}

@misc{UPPAAL,
  title                     = {UPPAAL Documentation},
  note                      = {last seen: 2016.19.12},
  year                      = {2015},
  Url                       = {http://www.uppaal.org},
}

@misc{ArdOS,
  title                     = {ArdOS Documentation},
  note                      = {Last seen: 2017.02.02},
  year                      = {2015},
  Url                       = {https://bitbucket.org/ctank/ardos-ide/wiki/Home},
}

@misc{FreeRTOS,
  title                     = {FreeRTOS Documentation},
  note                      = {Last seen: 2017.02.02},
  year                      = {2017},
  Url                       = {http://www.freertos.org/Documentation/RTOS_book.html},
}

@misc{RTuinOS,
    title                   = {RTuinOS Documentation},
    note                    = {Last seen: 2017.02.02},
    year                    = {2016},
    Url                     = {https://svn.code.sf.net/p/rtuinos/code/trunk/doc/doxygen/html/index.html},
}

@misc{Simba,
    title                   = {Simba Documentation},
    note                    = {Last seen: 2017.02.02},
    year                    = {2016},
    Url                     = {http://simba-os.readthedocs.io/en/latest/index.html},
}

@Manual{FreeRTOSMan,
    title                   = {Hands On Guide to FreeRTOS},
    Organisation            = {FreeRTOS},
    year                    = {2016},
    note                    = {Last seen 2017},
    Url                     = {http://www.freertos.org/Documentation/161204_Mastering_the_FreeRTOS_Real_Time_Kernel-A_Hands-On_Tutorial_Guide.pdf},
}